@book{boyd,
    title={Convex optimization},
  author={Boyd, Stephen Poythress and Vandenberghe, Lieven},
  year={2004},
  publisher={Cambridge university press}
}

@article{mert,
    title="Recovery of Sparse Probability Measures via Convex Programming",
    author={Mert Pilanci, Laurent El Ghaoui, Venkat Chandrasekaran},
    year=2012,
    conference="Neural Information Processing Systems (NIPS)"
}

@article{Dahmen_CS,
  title={Compressed sensing and best k-term approximation},
  author={Cohen, Albert and Dahmen, Wolfgang and DeVore, Ronald},
  journal={Journal of the American Mathematical Society},
  volume={22},
  number={1},
  pages={211--231},
  year={2009}
}

@ARTICLE{6319305, 
author={Yanmin Zhu and Zhi Li and Hongzi Zhu and Minglu Li and Qian Zhang}, 
journal={Mobile Computing, IEEE Transactions on}, 
title={A Compressive Sensing Approach to Urban Traffic Estimation with Probe Vehicles}, 
year={2013}, 
volume={12}, 
number={11}, 
pages={2289-2302}, 
keywords={compressed sensing;data analysis;estimation theory;principal component analysis;road traffic;road vehicles;spatiotemporal phenomena;KNN;MSSA;PCA;compressive sensing approach;data set;error estimation;hidden structure;metropolitan scale traffic estimation;missing data problem;principal component analysis;probe vehicle;road link;road network;road segment;spatiotemporal vacancy;time slot;traffic model;traffic monitoring center;urban road traffic estimation;Compressed sensing;Estimation;Monitoring;Principal component analysis;Probes;Roads;Vehicles;Probe vehicles;compressive sensing;traffic condition matrix;traffic estimation}, 
doi={10.1109/TMC.2012.205}, 
ISSN={1536-1233},}

@book{bazaraa,
  title={Nonlinear programming: theory and algorithms},
  author={Bazaraa, Mokhtar S and Sherali, Hanif D and Shetty, Chitharanjan Marakada},
  year={2006},
  publisher={John Wiley \& Sons}
}

@article{rauhut,
  title={Compressive sensing and structured random matrices},
  author={Rauhut, Holger},
  journal={Theoretical foundations and numerical methods for sparse recovery},
  volume={9},
  pages={1--92},
  year={2010},
  publisher={deGruyter}
}

@article{Wainwright2009,
 author = {Wainwright, Martin J.},
 title = {Sharp Thresholds for High-dimensional and Noisy Sparsity Recovery Using L1-constrained Quadratic Programming (Lasso)},
 journal = {IEEE Trans. Inf. Theor.},
 issue_date = {May 2009},
 volume = {55},
 number = {5},
 month = may,
 year = {2009},
 issn = {0018-9448},
 pages = {2183--2202},
 numpages = {20},
 url = {http://dx.doi.org/10.1109/TIT.2009.2016018},
 doi = {10.1109/TIT.2009.2016018},
 acmid = {1669506},
 publisher = {IEEE Press},
 address = {Piscataway, NJ, USA},
 keywords = {\$ell _{1}\$-constraints, Compressed sensing, compressed sensing, convex relaxation, high-dimensional inference, l1-constraints, model selection, phase transitions, signal denoising, sparse approximation, subset selection},
} 